<record><leader>00851Qem a2200277 a 4500</leader><controlfield tag="001">000003723</controlfield><controlfield tag="003">MiAaHDL</controlfield><controlfield tag="005">20111212000000.0</controlfield><controlfield tag="006">m        d        </controlfield><controlfield tag="007">cr bn ---auaua</controlfield><controlfield tag="008">780614s1971                  000 0 eng  </controlfield><datafield tag="010" ind1=" " ind2=" "><subfield code="a">73654430</subfield></datafield><datafield tag="035" ind1=" " ind2=" "><subfield code="a">sdr-ucsc.b13840125</subfield></datafield><datafield tag="040" ind1=" " ind2=" "><subfield code="a">NA</subfield><subfield code="c">CU-SC</subfield></datafield><datafield tag="090" ind1=" " ind2=" "><subfield code="a">G1033.G65</subfield></datafield><datafield tag="035" ind1=" " ind2=" "><subfield code="a">(OCoLC)257789</subfield></datafield><datafield tag="100" ind1="1" ind2=" "><subfield code="a">Grant, Michael,</subfield><subfield code="d">1914-2004</subfield></datafield><datafield tag="245" ind1="1" ind2="0"><subfield code="a">Ancient history atlas.</subfield><subfield code="c">Cartography by Arthur Banks.</subfield></datafield><datafield tag="250" ind1=" " ind2=" "><subfield code="a">1st American ed.</subfield></datafield><datafield tag="260" ind1=" " ind2=" "><subfield code="a">New York,</subfield><subfield code="b">Macmillan,</subfield><subfield code="c">1972, c1971.</subfield></datafield><datafield tag="300" ind1=" " ind2=" "><subfield code="a">[107]p.</subfield><subfield code="c">maps.</subfield></datafield><datafield tag="538" ind1=" " ind2=" "><subfield code="a">Mode of access: Internet.</subfield></datafield><datafield tag="650" ind1=" " ind2="0"><subfield code="a">Geography, Ancient</subfield><subfield code="x">Maps.</subfield></datafield><datafield tag="700" ind1="1" ind2="0"><subfield code="a">Banks, Arthur.</subfield></datafield><datafield tag="CID" ind1=" " ind2=" "><subfield code="a">000003723</subfield></datafield><datafield tag="DAT" ind1="0" ind2=" "><subfield code="b">20111212000000.0</subfield></datafield><datafield tag="DAT" ind1="1" ind2=" "><subfield code="a">20120815092151.0</subfield><subfield code="b">2019-06-14T18:05:33Z</subfield></datafield><datafield tag="CAT" ind1=" " ind2=" "><subfield code="a">SDR-UCSC</subfield><subfield code="d">III - MILLENIUM</subfield><subfield code="l">loader.pl-001-001</subfield></datafield><datafield tag="FMT" ind1=" " ind2=" "><subfield code="a">MP</subfield></datafield><datafield tag="HOL" ind1=" " ind2=" "><subfield code="0">sdr-ucsc.b13840125</subfield><subfield code="a">uc1</subfield><subfield code="b">SDR</subfield><subfield code="c">UCSC</subfield><subfield code="p">uc1.32106000718277</subfield><subfield code="s">UC</subfield><subfield code="1">.b13840125</subfield></datafield><datafield tag="974" ind1=" " ind2=" "><subfield code="b">UC</subfield><subfield code="c">UCSC</subfield><subfield code="d">20190614</subfield><subfield code="s">google</subfield><subfield code="u">uc1.32106000718277</subfield><subfield code="y">1971</subfield><subfield code="r">ic</subfield><subfield code="q">bib</subfield><subfield code="t">non-US bib date1 &gt;= 1927</subfield></datafield></record>